<?xml version="1.0" encoding="UTF-8"?><collection xmlns="http://www.loc.gov/MARC21/slim"><record><leader>00315nam--2200121-i-4500</leader><controlfield tag="001">000004462</controlfield><controlfield tag="002">20161230</controlfield><controlfield tag="005">20161230201025</controlfield><controlfield tag="008">060222s1000------------r-----000-0-eng-d</controlfield><datafield ind1=" " ind2=" " tag="080"><subfield code="a">624</subfield></datafield><datafield ind1=" " ind2=" " tag="245"><subfield code="a">Catalog de detalii de construcrii civile si in dustriale</subfield></datafield><datafield ind1=" " ind2=" " tag="260"><subfield code="a">Bucuresti, Ed.Tehnica, 1958. P. Dif</subfield></datafield><datafield ind1=" " ind2=" " tag="852"><subfield code="a">5334</subfield></datafield></record></collection>